{
  "leader": "03963cam a2200457 a 4500",
  "fields": [
    {
      "001": "ocm37310795\\"
    },
    {
      "003": "OCoLC"
    },
    {
      "005": "20221212100226.0"
    },
    {
      "008": "970709s1997\\\\\\\\nyuabf\\\\\\b\\\\\\\\001\\0\\eng\\\\"
    },
    {
      "010": {
        "ind1": "\\",
        "ind2": "\\",
        "subfields": [
          {
            "a": "   97027654 "
          }
        ]
      }
    },
    {
      "040": {
        "ind1": "\\",
        "ind2": "\\",
        "subfields": [
          {
            "a": "DLC"
          },
          {
            "b": "eng"
          },
          {
            "c": "DLC"
          },
          {
            "d": "NYG"
          },
          {
            "d": "OCL"
          },
          {
            "d": "NYG"
          },
          {
            "d": "OCLCQ"
          },
          {
            "d": "BAKER"
          },
          {
            "d": "NLGGC"
          },
          {
            "d": "YDXCP"
          },
          {
            "d": "BTCTA"
          },
          {
            "d": "EXW"
          },
          {
            "d": "ILU"
          },
          {
            "d": "BDX"
          },
          {
            "d": "OCLCO"
          },
          {
            "d": "OCLCF"
          },
          {
            "d": "OCLCQ"
          },
          {
            "d": "TKN"
          },
          {
            "d": "UKMGB"
          },
          {
            "d": "OCLCQ"
          },
          {
            "d": "OCLCO"
          }
        ]
      }
    },
    {
      "016": {
        "ind1": "7",
        "ind2": "\\",
        "subfields": [
          {
            "a": "009248329"
          },
          {
            "2": "Uk"
          }
        ]
      }
    },
    {
      "020": {
        "ind1": "\\",
        "ind2": "\\",
        "subfields": [
          {
            "a": "0914341529"
          },
          {
            "q": "(cloth)"
          }
        ]
      }
    },
    {
      "020": {
        "ind1": "\\",
        "ind2": "\\",
        "subfields": [
          {
            "a": "9780914341529"
          },
          {
            "q": "(cloth)"
          }
        ]
      }
    },
    {
      "020": {
        "ind1": "\\",
        "ind2": "\\",
        "subfields": [
          {
            "a": "0914341510"
          },
          {
            "q": "(paper)"
          }
        ]
      }
    },
    {
      "020": {
        "ind1": "\\",
        "ind2": "\\",
        "subfields": [
          {
            "a": "9780914341512"
          },
          {
            "q": "(paper)"
          }
        ]
      }
    },
    {
      "035": {
        "ind1": "\\",
        "ind2": "\\",
        "subfields": [
          {
            "a": "(OCoLC)37310795"
          }
        ]
      }
    },
    {
      "043": {
        "ind1": "\\",
        "ind2": "\\",
        "subfields": [
          {
            "a": "n-us-ny"
          }
        ]
      }
    },
    {
      "050": {
        "ind1": "0",
        "ind2": "0",
        "subfields": [
          {
            "a": "HD7287.82.U62"
          },
          {
            "b": "N76 1997"
          }
        ]
      }
    },
    {
      "082": {
        "ind1": "0",
        "ind2": "0",
        "subfields": [
          {
            "a": "363.583097471"
          },
          {
            "b": "ORL"
          }
        ]
      }
    },
    {
      "100": {
        "ind1": "1",
        "ind2": "\\",
        "subfields": [
          {
            "a": "Orlebeke, Charles J."
          }
        ]
      }
    },
    {
      "245": {
        "ind1": "1",
        "ind2": "0",
        "subfields": [
          {
            "a": "New life at ground zero :"
          },
          {
            "b": "New York, home ownership, and the future of American cities /"
          },
          {
            "c": "Charles J. Orlebeke."
          }
        ]
      }
    },
    {
      "250": {
        "ind1": "\\",
        "ind2": "\\",
        "subfields": [
          {
            "a": "1st ed."
          }
        ]
      }
    },
    {
      "260": {
        "ind1": "\\",
        "ind2": "\\",
        "subfields": [
          {
            "a": "Albany, N.Y. :"
          },
          {
            "b": "Rockefeller Institute Press ;"
          },
          {
            "a": "[Washington, D.C.] :"
          },
          {
            "b": "Distributed by Brookings Institution Press,"
          },
          {
            "c": "1997."
          }
        ]
      }
    },
    {
      "300": {
        "ind1": "\\",
        "ind2": "\\",
        "subfields": [
          {
            "a": "xvi, 267 pages, 16 unnumbered pages of plates :"
          },
          {
            "b": "illustrations, maps ;"
          },
          {
            "c": "23 cm"
          }
        ]
      }
    },
    {
      "336": {
        "ind1": "\\",
        "ind2": "\\",
        "subfields": [
          {
            "a": "text"
          },
          {
            "b": "txt"
          },
          {
            "2": "rdacontent"
          }
        ]
      }
    },
    {
      "337": {
        "ind1": "\\",
        "ind2": "\\",
        "subfields": [
          {
            "a": "unmediated"
          },
          {
            "b": "n"
          },
          {
            "2": "rdamedia"
          }
        ]
      }
    },
    {
      "338": {
        "ind1": "\\",
        "ind2": "\\",
        "subfields": [
          {
            "a": "volume"
          },
          {
            "b": "nc"
          },
          {
            "2": "rdacarrier"
          }
        ]
      }
    },
    {
      "504": {
        "ind1": "\\",
        "ind2": "\\",
        "subfields": [
          {
            "a": "Includes bibliographical references (pages 227-251) and index."
          }
        ]
      }
    },
    {
      "505": {
        "ind1": "0",
        "ind2": "0",
        "subfields": [
          {
            "t": "Foreword /"
          },
          {
            "r": "Richard P. Nathan --"
          },
          {
            "t": "A Groundbreaking in Brooklyn --"
          },
          {
            "t": "New York City--Graveyard of Good Intentions --"
          },
          {
            "t": "The Elusive Idea of Partnership --"
          },
          {
            "t": "David Rockefeller and Ed Koch--Wary Partners --"
          },
          {
            "t": "Postwar New York: The Radiant City Meets Jane Jacobs --"
          },
          {
            "t": "New York: City on the Ropes --"
          },
          {
            "t": "After the Crisis: Groping for an Agenda --"
          },
          {
            "t": "Moving Toward Partnership --"
          },
          {
            "t": "Launching the Housing Partnership --"
          },
          {
            "t": "In Search of a Blueprint --"
          },
          {
            "t": "Housing Partnership--Getting Organized --"
          },
          {
            "t": "The \"Implementation Plan\" --"
          },
          {
            "t": "New Homes for New York: Genesis of a Program --"
          },
          {
            "t": "The Money Chase --"
          },
          {
            "t": "Business Says No --"
          },
          {
            "t": "Playing the Pierce Connection --"
          },
          {
            "t": "Going for a UDAG --"
          },
          {
            "t": "The Ford Foundation Says No --"
          },
          {
            "t": "The Elusive UDAG --"
          },
          {
            "t": "The Project Fee Issue --"
          },
          {
            "t": "Hitting the State --"
          },
          {
            "t": "Getting to Production: Ceremonies and Realities --"
          },
          {
            "t": "A Groundbreaking in Bedford-Stuyvesant --"
          },
          {
            "t": "A Ribbon-Cutting in Harlem --"
          },
          {
            "t": "High Optimism, Slow Start --"
          },
          {
            "t": "The Elusive \"Good\" Sites --"
          },
          {
            "t": "Big Projections, Big Shortfalls --"
          },
          {
            "t": "The Koch Housing Plan: Reaching for New \"Partners\" --"
          },
          {
            "t": "\"Nobody Trusted Anybody Anywhere\" --"
          },
          {
            "t": "REBNY Strikes Out --"
          },
          {
            "t": "Production Breakthrough --"
          },
          {
            "t": "\"Whose Program Is New Homes?\" --"
          },
          {
            "t": "The New Homeowners --"
          },
          {
            "t": "The Nehemiah Plan: A Competing Implementation Model --"
          },
          {
            "t": "Beyond New Homes: Expanding the Partnership Agenda --"
          },
          {
            "t": "The Neighborhood Builder Program --"
          },
          {
            "t": "A Non-\"Minority\" Minority Program --"
          },
          {
            "t": "No Shortcuts --"
          },
          {
            "t": "Rebuilding Neighborhood Economies --"
          },
          {
            "t": "Neighborhood Entrepreneurs --"
          },
          {
            "t": "The New York City Investment Fund --"
          },
          {
            "t": "Prospects--The Daunting 1990s Agenda --"
          },
          {
            "t": "Community Development: The Making of a New Urban Policy Paradigm."
          }
        ]
      }
    },
    {
      "520": {
        "ind1": "\\",
        "ind2": "\\",
        "subfields": [
          {
            "a": "In New Life at Ground Zero, Charles J. Orlebeke traces New York City's dramatic comeback in the 80s and 90s, focusing on one organization, the New York City Housing Partnership, which would help spark the recovery by building thousands of new homes for the ownership market in scores of bombed-out neighborhoods in the South Bronx and throughout the city."
          }
        ]
      }
    },
    {
      "650": {
        "ind1": "\\",
        "ind2": "0",
        "subfields": [
          {
            "a": "Home ownership"
          },
          {
            "z": "New York (State)"
          },
          {
            "z": "New York."
          }
        ]
      }
    },
    {
      "650": {
        "ind1": "\\",
        "ind2": "0",
        "subfields": [
          {
            "a": "Community development, Urban"
          },
          {
            "z": "New York (State)"
          },
          {
            "z": "New York."
          }
        ]
      }
    },
    {
      "650": {
        "ind1": "\\",
        "ind2": "7",
        "subfields": [
          {
            "a": "Community development, Urban."
          },
          {
            "2": "fast"
          },
          {
            "0": "(OCoLC)fst00870882"
          }
        ]
      }
    },
    {
      "650": {
        "ind1": "\\",
        "ind2": "7",
        "subfields": [
          {
            "a": "Home ownership."
          },
          {
            "2": "fast"
          },
          {
            "0": "(OCoLC)fst00959347"
          }
        ]
      }
    },
    {
      "651": {
        "ind1": "\\",
        "ind2": "7",
        "subfields": [
          {
            "a": "New York (State)"
          },
          {
            "z": "New York."
          },
          {
            "2": "fast"
          },
          {
            "0": "(OCoLC)fst01204333"
          }
        ]
      }
    },
    {
      "776": {
        "ind1": "0",
        "ind2": "8",
        "subfields": [
          {
            "i": "Online version:"
          },
          {
            "a": "Orlebeke, Charles J."
          },
          {
            "t": "New life at ground zero."
          },
          {
            "b": "1st ed."
          },
          {
            "d": "Albany, N.Y. : Rockefeller Institute Press ; [Washington, D.C.] : Distributed by Brookings Institution Press, 1997"
          },
          {
            "w": "(OCoLC)651722721"
          }
        ]
      }
    },
    {
      "856": {
        "ind1": "4",
        "ind2": "1",
        "subfields": [
          {
            "u": "http://nysdocs.nysed.gov/scandocs1.asp?oclc=37310795"
          }
        ]
      }
    },
    {
      "994": {
        "ind1": "\\",
        "ind2": "\\",
        "subfields": [
          {
            "a": "Z0"
          },
          {
            "b": "NYRVC"
          }
        ]
      }
    },
    {
      "948": {
        "ind1": "\\",
        "ind2": "\\",
        "subfields": [
          {
            "h": "NO HOLDINGS IN NYRVC - 250 OTHER HOLDINGS"
          }
        ]
      }
    },
    {
      "999": {
        "ind1": "\\",
        "ind2": "\\",
        "subfields": [
          {
            "a": "00000000013200"
          }
        ]
      }
    }
  ]
}